@book{boyd,
 author = {Boyd, Stephen and Vandenberghe, Lieven},
 title = {Convex Optimization},
 year = {2004},
 isbn = {0521833787},
 publisher = {Cambridge University Press},
 address = {New York, NY, USA}
 }
 
@book{nielsen,
	title      = {Neural Networks and Deep Learning},
	author     = {Nielsen, Michael A.},
	year       = {2015},
	publisher  = {Determination Press}
}

@book{Goodfellow-et-al-2016,
    title={Deep Learning},
    author={Ian Goodfellow and Yoshua Bengio and Aaron Courville},
    publisher={MIT Press},
    note={\url{http://www.deeplearningbook.org}},
    year={2016}
}

@ARTICLE{Jain-Kar,
   author = {{Jain}, P. and {Kar}, P.},
    title = "{Non-convex Optimization for Machine Learning}",
  journal = {ArXiv e-prints},
archivePrefix = "arXiv",
   eprint = {1712.07897},
 primaryClass = "stat.ML",
 keywords = {Statistics - Machine Learning, Computer Science - Learning, Mathematics - Optimization and Control},
     year = 2017,
    month = dec,
   adsurl = {http://adsabs.harvard.edu/abs/2017arXiv171207897J},
  adsnote = {Provided by the SAO/NASA Astrophysics Data System}
}


@ARTICLE{vidal-et-al,
   author = {{Vidal}, R. and {Bruna}, J. and {Giryes}, R. and {Soatto}, S.
	},
    title = "{Mathematics of Deep Learning}",
  journal = {ArXiv e-prints},
archivePrefix = "arXiv",
   eprint = {1712.04741},
 primaryClass = "cs.LG",
 keywords = {Computer Science - Learning, Computer Science - Computer Vision and Pattern Recognition},
     year = 2017,
    month = dec,
   adsurl = {http://adsabs.harvard.edu/abs/2017arXiv171204741V},
  adsnote = {Provided by the SAO/NASA Astrophysics Data System}
}

@book{bertsekas,
  title={Nonlinear programming},
  author={Bertsekas, D.P.},
  isbn={9781886529007},
  lccn={95081359},
  series={Athena Scientific optimization and computation series},
  year={1999},
  publisher={Athena Scientific}
}

@misck{levine,
	author = 	{LeVine, Steve},
	title = 	{Artificial Intelligence Pioneer Says We Need to Start Over.},
	editor = 	{Axios},
	month = 	{January},
	year = 		{2018},
	url = 		{http://bit.ly/2E25FSd},
	note =      {[Online; posted 15-September-2017]},
}